@article{ahmed,
  title={An empirical comparison of machine learning models for time series forecasting},
  author={Ahmed, Nesreen K and Atiya, Amir F and Gayar, Neamat El and El-Shishiny, Hisham},
  journal={Econometric Reviews},
  volume={29},
  number={5-6},
  pages={594--621},
  year={2010},
  publisher={Taylor \& Francis}
}

@article{bergmeir,
  title={Bagging exponential smoothing methods using STL decomposition and Box--Cox transformation},
  author={Bergmeir, Christoph and Hyndman, Rob J and Ben{\'\i}tez, Jos{\'e} M},
  journal={International journal of forecasting},
  volume={32},
  number={2},
  pages={303--312},
  year={2016},
  publisher={Elsevier}
}

@article{januschowski2020,
  title={Criteria for classifying forecasting methods},
  author={Januschowski, Tim and Gasthaus, Jan and Wang, Yuyang and Salinas, David and Flunkert, Valentin and Bohlke-Schneider, Michael and Callot, Laurent},
  journal={International Journal of Forecasting},
  volume={36},
  number={1},
  pages={167--177},
  year={2020},
  publisher={Elsevier}
}

@article{maasoumi2010,
  title={The Link Between Statistical Learning Theory and Econometrics: Applications in Economics, Finance, and Marketing},
  author={Maasoumi, Esfandiar and Medeiros, Marcelo C},
  journal={Econometric Reviews},
  volume={29},
  number={5-6},
  pages={470--475},
  year={2010},
  publisher={Taylor \& Francis}
}

@article{galicia2019,
  title={Multi-step forecasting for big data time series based on ensemble learning},
  author={Galicia, Antonio and Talavera-Llames, R and Troncoso, A and Koprinska, Irena and Mart{\'\i}nez-{\'A}lvarez, Francisco},
  journal={Knowledge-Based Systems},
  volume={163},
  pages={830--841},
  year={2019},
  publisher={Elsevier}
}


@book{hastie2009,
  title={The Elements of Statistical Learning: Data mining, inference, and prediction},
  author={Hastie, Trevor and Tibshirani, Robert and Friedman, Jerome},
  year={2009},
  publisher={Springer Science \& Business Media}
}

@book{james2013,
  title={An Introduction to Statistical Learning},
  author={James, Gareth and Witten, Daniela and Hastie, Trevor and Tibshirani, Robert},
  volume={112},
  year={2013},
  publisher={Springer}
}

@article{breiman1996,
  title={Bagging predictors},
  author={Breiman, Leo},
  journal={Machine learning},
  volume={24},
  number={2},
  pages={123--140},
  year={1996},
  publisher={Springer}
}

@article{petropoulos2018,
  title={Exploring the sources of uncertainty: Why does bagging for time series forecasting work?},
  author={Petropoulos, Fotios and Hyndman, Rob J and Bergmeir, Christoph},
  journal={European Journal of Operational Research},
  volume={268},
  number={2},
  pages={545--554},
  year={2018},
  publisher={Elsevier}
}

@article{kunsch1989,
  title={The jackknife and the bootstrap for general stationary observations},
  author={KÃ¼nsch, Hans R},
  journal={The annals of Statistics},
  pages={1217--1241},
  year={1989},
  publisher={JSTOR}
}

@article{box1964,
  title={An analysis of transformations},
  author={Box, George EP and Cox, David R},
  journal={Journal of the Royal Statistical Society: Series B (Methodological)},
  volume={26},
  number={2},
  pages={211--243},
  year={1964},
  publisher={Wiley Online Library}
}
